<?xml version="1.0" encoding="UTF-8"?><record xmlns="http://www.loc.gov/MARC21/slim" xmlns:cinclude="http://apache.org/cocoon/include/1.0" xmlns:zs="http://www.loc.gov/zing/srw/">
  <leader>00630nz  a2200157n  4500</leader>
  <controlfield tag="001">no2011131020</controlfield>
  <controlfield tag="003">DLC</controlfield>
  <controlfield tag="005">20110825075254.0</controlfield>
  <controlfield tag="008">110823n| acannaabn          |n aaa     c</controlfield>
  <datafield tag="010" ind1=" " ind2=" ">
    <subfield code="a">no2011131020</subfield>
  </datafield>
  <datafield tag="035" ind1=" " ind2=" ">
    <subfield code="a">(OCoLC)oca08953737</subfield>
  </datafield>
  <datafield tag="040" ind1=" " ind2=" ">
    <subfield code="a">ScCleU</subfield>
    <subfield code="b">eng</subfield>
    <subfield code="c">ScCleU</subfield>
  </datafield>
  <datafield tag="100" ind1="1" ind2=" ">
    <subfield code="a">Gray, Gordon Walter,</subfield>
    <subfield code="d">1934-</subfield>
  </datafield>
  <datafield tag="670" ind1=" " ind2=" ">
    <subfield code="a">Joseph C. Ellers collection, 1985-1988, undated</subfield>
    <subfield code="b">(Gordon Gray)</subfield>
  </datafield>
  <datafield tag="670" ind1=" " ind2=" ">
    <subfield code="a">ScCleU files, Aug. 11, 2011</subfield>
    <subfield code="b">(Gordon Walter Gray; b. 1934; Dean 1988-1993, College of Education, Clemson Univ.)</subfield>
  </datafield>
  <datafield tag="670" ind1=" " ind2=" ">
    <subfield code="a">OCLC, Aug. 23, 2011</subfield>
    <subfield code="b">(hdg.: Gray, Gordon Walter, 1934- , Gray, Gordon W.; usage: Gordon Walter Gray, Gordon Gray)</subfield>
  </datafield>
</record>